@comment{kuninfo,
    Referanser blir kun synlig i bibliografien hvis de er sitert i teksten.
    
    Typer kan være feks. article, manual, book, misc.
    
    Se eksempler på:
    https://en.wikibooks.org/wiki/LaTeX/Bibliography_Management#Standard_templates
}

https://www.statoil.com/en/what-we-do/new-energy-solutions/statoil-energy-ventures.html



@MISC{StatoilRenewable,
  Author = "Statoil ASA",
  Title  = "\emph{Statoil Energy Ventures}",
  Note   = "\url{https://www.statoil.com/en/what-we-do/new-energy-solutions/statoil-energy-ventures.html}
           [Accessed: 2017-10-08]",
  year = 2017,
}
@MISC{WorldEnergyR,
  Author = "World Energy Council",
  Title  = "\emph{World Energy Resources | 2016}",
  Note   = "\url{https://www.worldenergy.org/wp-content/uploads/2016/10/World-Energy-Resources-Full-report-2016.10.03.pdf}
           [Accessed: 2017-10-12]",
  year = 2015,
}
@article{de2011global,
  title={Global wind power potential: Physical and technological limits},
  author={De Castro, Carlos and Mediavilla, Margarita and Miguel, Luis Javier and Frechoso, Fernando},
  journal={Energy Policy},
  volume={39},
  number={10},
  pages={6677--6682},
  year={2011},
  publisher={Elsevier}
}
@article{lu2009global,
  title={Global potential for wind-generated electricity},
  author={Lu, Xi and McElroy, Michael B and Kiviluoma, Juha},
  journal={Proceedings of the National Academy of Sciences},
  volume={106},
  number={27},
  pages={10933--10938},
  year={2009},
  publisher={National Acad Sciences}
}
@MISC{GreenTech,
   author =       {Hill, Joshua S.},
   title =        {Denmark Generated Enough Wind Energy To Power All Its Electricity Needs On Wednesday},
   editor =       {Clean Technica},
   month =        {February},
   year =         {2017},
   url =          {http://www.surfermag.com/features/maldives-controversy/},
   note =         {[Online; posted 24-February-2017]},
 }
@inproceedings{chiesa2011dynamic,
  title={Dynamic control of an electrolyser for voltage quality enhancement},
  author={Chiesa, N and Korp{\aa}s, M and Kongstein, OE and {\O}deg{\aa}rd, A},
  booktitle={proc of},
  year={2011}
}

@article{steele2001materials,
  title={Materials for fuel-cell technologies},
  author={Steele, Brian CH and Heinzel, Angelika},
  journal={Nature},
  volume={414},
  number={6861},
  pages={345--352},
  year={2001},
  publisher={Nature Publishing Group}
}
@book{larminie2003fuel,
  title={Fuel cell systems explained},
  author={Larminie, James and Dicks, Andrew and McDonald, Maurice S},
  volume={2},
  year={2003},
  publisher={J. Wiley Chichester, UK}
}

\iffalse
%ALLE EKSEMPLER LIMES UNDER DENNE \iffalse, DETTE FORDI DET IKKE BLIR MED I KOMPILERINGEN (CUZ LOGIC).
@MISC{mull,
   author =       {Mull, Jeff},
   title =        {Maldives Controversy},
   editor =       {Surfing Magazine},
   month =        {September},
   year =         {2010},
   url =          {http://www.surfermag.com/features/maldives-controversy/},
   note =         {[Online; posted 13-September-2012]},
 }
 
 @article{lenz1990review,
  title     =   "A review of magnetic sensors",
  author    =   "Lenz, James E",
  journal   =   "Proceedings of the IEEE",
  volume    =   "78",
  number    =   "6",
  pages     =   "973--989",
  year      =   "1990",
  publisher =   "IEEE"
}

@manual{databladtemp,
    title       =   "LM35DZ datasheet",
    organization=   "JameCo Electronics",
    year        =   "2000",
    note        =   {
        Available online at: \url{http://www.jameco.com/Jameco/Products/ProdDS/1276463.pdf} (visited on May 9, 2016)
    }
}
%ALLE EKSEMPLER LIMES OVER \fi
\fi